<?xml version='1.0' encoding='UTF-8' ?>
<Document xmlns="urn:iso:std:iso:20022:tech:xsd:camt.053.001.04">
  <BkToCstmrStmt>
    <GrpHdr>
      <MsgId>2514988305.2024-08-19</MsgId>
      <CreDtTm>2024-08-19T15:27:15.66+02:00</CreDtTm>
    </GrpHdr>
    <Stmt>
      <Id>2514988305.2024-08-19</Id>
      <CreDtTm>2024-08-19T15:27:15.66+02:00</CreDtTm>
      <Acct>
        <Id>
          <IBAN />
          <Othr>
            <Id>CH4431999123000889012</Id>
          </Othr>
        </Id>
      </Acct>
      <Bal>
        <Tp>
          <CdOrPrtry>
            <Cd>OPBD</Cd>
          </CdOrPrtry>
        </Tp>
        <Amt Ccy="CHF">1000.00</Amt>
        <CdtDbtInd>CRDT</CdtDbtInd>
        <Dt>
          <Dt>2024-08-18</Dt>
        </Dt>
      </Bal>
      <Bal>
        <Tp>
          <CdOrPrtry>
            <Cd>CLBD</Cd>
          </CdOrPrtry>
        </Tp>
        <Amt Ccy="CHF">122500.00</Amt>
        <CdtDbtInd>CRDT</CdtDbtInd>
        <Dt>
          <Dt>2024-08-19</Dt>
        </Dt>
      </Bal>

      <Ntry>
        <Amt Ccy="CHF">31750.00</Amt>
        <CdtDbtInd>CRDT</CdtDbtInd>
        <Sts>BOOK</Sts>
        <BkTxCd>
          <Prtry>
            <Cd>ABCD</Cd>
          </Prtry>
        </BkTxCd>
        <NtryDtls>
          <TxDtls>
            <Refs>
              <AcctSvcrRef>240103CH0B6RPTDO</AcctSvcrRef>
              <InstrId>20240103000800710038167</InstrId>
            </Refs>
            <RmtInf>
              <Strd>
                <CdtrRefInf>
                  <Tp>
                    <CdOrPrtry>
                      <Prtry>QRR</Prtry>
                    </CdOrPrtry>
                  </Tp>
                  <Ref>000000000000000002024000016</Ref>
                </CdtrRefInf>
              </Strd>
            </RmtInf>
            <RltdDts>
              <AccptncDtTm>2024-01-04T20:00:00</AccptncDtTm>
            </RltdDts>
            <RltdPties>
              <Dbtr>
                <Nm>Azure Interior</Nm>
              </Dbtr>
            </RltdPties>
          </TxDtls>
        </NtryDtls>
      </Ntry>

      <Ntry>
        <Amt Ccy="CHF">41750.00</Amt>
        <CdtDbtInd>CRDT</CdtDbtInd>
        <Sts>BOOK</Sts>
        <BkTxCd>
          <Prtry>
            <Cd>ABCD</Cd>
          </Prtry>
        </BkTxCd>
        <NtryDtls>
          <TxDtls>
            <Refs>
              <AcctSvcrRef>240103CH0B6RPTDO</AcctSvcrRef>
              <InstrId>20240103000800710038168</InstrId>
            </Refs>
            <RmtInf>
              <Strd>
                <CdtrRefInf>
                  <Tp>
                    <CdOrPrtry>
                      <Prtry>QRR</Prtry>
                    </CdOrPrtry>
                  </Tp>
                  <Ref>000000000000000002024000024</Ref>
                </CdtrRefInf>
              </Strd>
            </RmtInf>
            <RltdDts>
              <AccptncDtTm>2024-01-05T20:00:00</AccptncDtTm>
            </RltdDts>
            <RltdPties>
              <Dbtr>
                <Nm>Azure Interior</Nm>
              </Dbtr>
            </RltdPties>
          </TxDtls>
        </NtryDtls>
      </Ntry>

      <Ntry>
        <Amt Ccy="CHF">19250.00</Amt>
        <CdtDbtInd>CRDT</CdtDbtInd>
        <Sts>BOOK</Sts>
        <BkTxCd>
          <Prtry>
            <Cd>ABCD</Cd>
          </Prtry>
        </BkTxCd>
        <NtryDtls>
          <TxDtls>
            <Refs>
              <AcctSvcrRef>240103CH0B6RPTDO</AcctSvcrRef>
              <InstrId>20240103000800710038169</InstrId>
            </Refs>
            <RmtInf>
              <Strd>
                <CdtrRefInf>
                  <Tp>
                    <CdOrPrtry>
                      <Prtry>QRR</Prtry>
                    </CdOrPrtry>
                  </Tp>
                  <Ref>000000000000000002024000032</Ref>
                </CdtrRefInf>
              </Strd>
            </RmtInf>
            <RltdDts>
              <AccptncDtTm>2024-01-06T20:00:00</AccptncDtTm>
            </RltdDts>
            <RltdPties>
              <Dbtr>
                <Nm>Azure Interior</Nm>
              </Dbtr>
            </RltdPties>
          </TxDtls>
        </NtryDtls>
      </Ntry>

      <Ntry>
        <Amt Ccy="CHF">31750.00</Amt>
        <CdtDbtInd>CRDT</CdtDbtInd>
        <Sts>BOOK</Sts>
        <BkTxCd>
          <Prtry>
            <Cd>ABCD</Cd>
          </Prtry>
        </BkTxCd>
        <NtryDtls>
          <TxDtls>
            <Refs>
              <AcctSvcrRef>240103CH0B6RPTDO</AcctSvcrRef>
              <InstrId>20240103000800710038170</InstrId>
            </Refs>
            <RmtInf>
              <Strd>
                <CdtrRefInf>
                  <Tp>
                    <CdOrPrtry>
                      <Prtry>QRR</Prtry>
                    </CdOrPrtry>
                  </Tp>
                  <Ref>000000000000000002024000048</Ref>
                </CdtrRefInf>
              </Strd>
            </RmtInf>
            <RltdDts>
              <AccptncDtTm>2024-01-07T20:00:00</AccptncDtTm>
            </RltdDts>
            <RltdPties>
              <Dbtr>
                <Nm>Azure Interior</Nm>
              </Dbtr>
            </RltdPties>
          </TxDtls>
        </NtryDtls>
      </Ntry>

    </Stmt>
  </BkToCstmrStmt>
</Document>
